
@book{del20011998,
  title={The 1998 Floods in Bangladesh: Disaster Impacts, Household Coping Strategies, and Response},
  author={Del Ninno, Carlo and
          Dorosh, Paul A and
          Smith, Lisa C and
          Roy, Dilip K},
  year={2001},
  publisher={International Food Policy Research Institute}
}
@article{zhao2018sensitivity,
  title={On sensitivity value of pair-matched observational studies},
  author={Zhao, Qingyuan},
  journal={Journal of the American Statistical Association},
  year={2018},
  publisher={Taylor \& Francis}
}
@article{heller2009split,
  title={Split Samples and Design Sensitivity in Observational Studies},
  author={Heller, Ruth and Rosenbaum, Paul R and Small, Dylan S},
  journal={Journal of the American Statistical Association},
  year={2009},
  publisher={Taylor \& Francis}
}