@string{AICEJ="American Institute of Chemical Engineers Journal"}
@string{AIChEJ="American Institute of  Chemical Engineers Journal"}
@string{AJE="American Journal of Epidemiology"}
@string{AJTMH="American Journal of Tropical Medicine and Hygiene"}
@string{AmNat="American Naturalist"}
@string{AnnMathStat="Annals of Mathematical Statistics"}
@string{AOAP="Annals of Applied Probability"}
@string{AOAS="Annals of Applied Statistics"}
@string{AOS="Annals of Statistics"}
@string{AppStat="Applied Statistics"}
@string{BWHO="Bulletin of the World Health Organization"}
@string{CH="Chapman and Hall"}
@string{CMB="Clinical Microbiology Reviews"}
@string{CUP="Cambridge University Press"}
@string{EJP="Electronic Journal of Probability"}
@string{EJS="Electronic Journal of Statistics"}@string{IJE="International Journal of Epidemiology"},
@string{ISR="International Statistical Review"}@string{JAMA="Journal of the American Medical Association"}
,
@string{JAP="Journal of Applied Probability"}
@string{JASA="Journal of the American Statistical Association"}
@string{JBES="Journal of Business and Economic Statistics"}
@string{JC="Journal of Climate"}
@string{JCGS="Journal of Computational and Graphical Statistics"}
@string{JMB="Journal of Mathematical Biology"}
@string{JME="Journal of Medical Entomology"}
@string{JN="Journal of Neuroscience"}
@string{JNE="Journal of Neural Engineering"}
@string{JRSI="Journal of the  Royal Society Interface"}
@string{JRSSB="Journal of the Royal Statistical Society, Series B (Statistical Methodology)"}
@string{JRSSC="Journal of the Royal Statistical Society: Series C (Applied Statistics)"}
@string{JSS="Journal of Statistical Software"}
@string{MBE="Molecular Biology \& Evolution"}
@string{MWR="Monthly Weather Review"}
@string{OUP="Oxford University Press"}
@string{PLMS="Proceedings of the London Mathematical Society"}
@string{PLoS-Bio="PLoS Biology"}
@string{PLoS-CompBio="PLoS Computational Biology"}
@string{PLoS-Med="PLoS Medicine"}
@string{PLoS-NTD="PLoS Neglected Tropical Diseases"}
@string{PLoS-Path="PLoS Pathogens"}
@string{PNAS="Proceedings of the National Academy of Sciences of the USA"}
@string{PRSB="Proceedings of the Royal Society of London, Series B"}
@string{PRSLA="Proceedings of the Royal Society of London, Series A"}
@string{PRSLB="Proceedings of the Royal Society of London, Series B"}
@string{PUP="Princeton University Press"}
@string{SC="Statistics \& Computing"}
@string{SM="Statistics in Medicine"}
@string{SPL="Statistics and Probability Letters"}
@string{SS="Statistica Sinica"}
@string{StatSci={Statistical Science}}
@string{STM="Science Translational Medicine"}
@string{TRSTMH="Transactions of the Royal Society of Tropical Medicine and Hygiene"}
,
@string{TSP="IEEE Transactions on Signal Processing"}


AAAAAAAAAA

@article{altrock15,
  title={The mathematics of cancer: integrating quantitative models},
  author={Altrock, Philipp M and Liu, Lin L and Michor, Franziska},
  journal={Nature reviews Cancer},
  volume={15},
  number={12},
  pages={730},
  year={2015},
  publisher={Nature Publishing Group}
}

@article{anderson01,
  title={An ensemble adjustment {K}alman filter for data assimilation},
  author={Anderson, Jeffrey L},
  xjournal={Monthly weather review},
  journal=MWR,
  volume={129},
  number={12},
  pages={2884--2903},
  year={2001},
  publisher={American Meteorological Society}
}

@article(arulampalam02, 
author = "Arulampalam, M. S. and Maskell, S. and Gordon, N. and Clapp, T.",
year = 2002, 
title = "A Tutorial on Particle Filters for Online Nonlinear, Non-{G}aussian {B}ayesian Tracking",
journal = TSP,
volume = 50, 
pages = "174 -- 188"
)

@article{arya22,
  title={Automatic Differentiation of Programs with Discrete Randomness},
  author={Arya, Gaurav and Schauer, Moritz and Sch{\"a}fer, Frank and Rackauckas, Chris},
  journal={arXiv preprint arXiv:2210.08572},
  year={2022}
}

@Article{asfaw23arxiv, 
Author = {Asfaw, Kidus. and  Park, Joonha and King, Aaron A. and Ionides, Edward L.},
Year = {2023}, 
Title = {Statistical Inference for Spatiotemporal Partially Observed {M}arkov Processes via the {R} Package spatPomp},
Journal ={arXiv:2101.01157v3},
xVolume = {69}, 
xPages = {1--43}
}

@Article{asfaw21github, 
Author = {Asfaw, K. and  Ionides, E. L. and King, A. A.},
Year = {2021}, 
Title = {\texttt{spatPomp}: R package for Statistical Inference for Spatiotemporal Partially Observed {M}arkov Processes},
xJournal ={\upshape{\texttt{https://github.com/kidusasfaw/spatPomp}}},
Journal={\upshape{\texttt{https://cran.r-project.org/web/packages/spatPomp}}},
xVolume = {69}, 
xPages = {1--43}
}



BBBBBBBB

@article{bardenet15,
  rmdCite={<a href="https://arxiv.org/abs/1505.02827">@bardenet15</a>},
  url={https://arxiv.org/abs/1505.02827},
  title={On {M}arkov chain {M}onte {C}arlo methods for tall data},
  author={Bardenet, R{\'e}mi and Doucet, Arnaud and Holmes, Chris},
  journal={ArXiv:1505.02827},
  year={2015}
}

@article{becker20,
  title={Coexisting attractors in the context of cross-scale population dynamics: Measles in {L}ondon as a case study},
  author={Becker, Alexander D and Zhou, Susan H and Wesolowski, Amy and Grenfell, Bryan T},
  xjournal={Proceedings of the Royal Society B},
  journal=PRSB,
  volume={287},
  number={1925},
  pages={20191510},
  year={2020},
  publisher={The Royal Society}
}


@incollection(bengtsson08, xdoi={10.1007/978-3-642-01094-1}, xurl={http://arxiv.org/abs/0805.3034},
author = "Bengtsson, T. and  Bickel, P. and Li, B.",
year = 2008, 
title = "Curse-of-dimensionality revisited: Collapse of the particle filter in very large scale systems",
booktitle="Probability and Statistics: Essays in Honor of {D}avid {A}. {F}reedman",
editor={Speed, T. and Nolan, D.},
pages = "316--334",
publisher="Institute of Mathematical Statistics",
address="Beachwood, OH"
)

@Article{berard14, 
  Doi={10.1214/EJP.v19-3428},
  rmdCite={<a href="http://dx.doi.org/10.1214/EJP.v19-3428">@berard14</a>},
  Title={A lognormal central limit theorem for particle approximations of normalizing constants},
  Author={B{\'e}rard, Jean and Del Moral, Pierre and Doucet, Arnaud},
  Journal=EJP,
  Volume={19},
  Xnumber={94},
  Pages={1--28},
  Year={2014}
}

@article{beskos17,
  title={A stable particle filter for a class of high-dimensional state-space models},
  author={Beskos, Alexandros and Crisan, Dan and Jasra, Ajay and Kamatani, Kengo and Zhou, Yan},
  journal={Advances in Applied Probability},
  volume={49},
  number={1},
  pages={24--48},
  year={2017},
  publisher={Cambridge University Press}
}

@article(bhadra11,  xdoi="10.1198/jasa.2011.ap10323",
author = "Bhadra, A. and Ionides, E. L. and Laneri, K. and Pascual, M. and Bouma, M. and Dhiman,  R. C.",
year=2011,
title = "Malaria in {N}orthwest {I}ndia: Data analysis via partially observed stochastic differential equation models driven by {L}\'{e}vy noise",
journal = JASA,
volume = 106,
pages = "440-451"
)

@article(bjornstad01, doi="10.1126/science.1062226",
author = "Bj{\o}rnstad, O. N. and Grenfell, B. T.",
year = 2001,
title = "Noisy Clockwork: Time Series Analysis of Population Fluctuations in Animals",
journal = "Science",
volume = 293,
pages = "638--643"
)

@article{blackwood13,xdoi = {10.1073/pnas.1220908110}, text={Blackwood, JC. et al (2013). "Deciphering the impacts of vaccination and immunity on pertussis epidemiology in Thailand." PNAS 110:9595-9600},
author = {Blackwood, J. C. and Cummings, D. A. T. and Broutin, H. and Iamsirithaworn, S. and Rohani, P.}, 
title = {Deciphering the impacts of vaccination and immunity on pertussis epidemiology in {T}hailand},
year = {2013}, 
XURL = {http://www.pnas.org/content/early/2013/05/16/1220908110.abstract}, 
eprint = {http://www.pnas.org/content/early/2013/05/16/1220908110.full.pdf+html}, 
journal = PNAS,
volume = 110,
pages = {9595--9600},
}

@article{blackwood13b,
author = {Blackwood, J. C. and Streicker, D. G. and Altizer, S. and Rohani, P.}, 
title = {Resolving the roles of immunity, pathogenesis, and immigration for rabies persistence in vampire bats},
year = {2013}, 
xdoi = {10.1073/pnas.1308817110}, 
XURL = {http://www.pnas.org/content/early/2013/11/27/1308817110.abstract}, 
eprint = {http://www.pnas.org/content/early/2013/11/27/1308817110.full.pdf+html}, 
journal = PNAS
}

@article{blake14,
author = {Blake, Isobel M. and Martin, Rebecca and Goel, Ajay and Khetsuriani, Nino and Everts, Johannes and Wolff, Christopher and Wassilak, Steven and Aylward, R. Bruce and Grassly, Nicholas C.}, 
title = {The role of older children and adults in wild poliovirus transmission},
volume = {111}, 
number = {29}, 
pages = {10604-10609}, 
year = {2014}, 
xdoi = {10.1073/pnas.1323688111}, 
xURL = {http://www.pnas.org/content/111/29/10604.abstract}, 
eprint = {http://www.pnas.org/content/111/29/10604.full.pdf+html}, 
journal = PNAS
}

@book{boyd04,
  title={Convex optimization}, 
  author={Boyd, Stephen and Vandenberghe, Lieven}, 
  year={2004}, 
  publisher={Cambridge university press} 
}

@article(breto09, xdoi={10.1214/08-AOAS201},
author = "Bret\'{o}, C. and He, D. and Ionides, E. L. and King, A. A.",
year = 2009,
title = "Time Series Analysis via Mechanistic Models",
journal = AOAS,
volume = 3,
pages = "319--348"
)




@article{breto11, doi={10.1016/j.spa.2011.07.005},text={Breto, C. and Ionides, E.L. (2011) Compound Markov counting processes and their applications to modeling infinitesimally over-dispersed systems. Stochastic Processes and their Applications 121:2571-2591.},
author = "Bret\'{o}, C. and Ionides, E. L.",
year = 2011, 
title = "Compound {M}arkov counting processes and their applications to modeling infinitesimally over-dispersed systems",
journal = "Stochastic Processes and their Applications",
volume = "121", 
pages = "2571--2591"
}

@Article{breto19, 
Author = {Bret\'{o}, C. and Ionides, E. L. and King, A. A.},
Year = {2019},
Title = {Panel Data Analysis via Mechanistic Models},
Journal = {Journal of the American Statistical Association},
Volume = {115},
Pages = {1178-1188}
}

CCCCCCCCCCC

@article{camacho11,xdoi = {10.1098/rspb.2011.0300}, 
author = {Camacho, Anton and Ballesteros, Sebastien and Graham, Andrea L. and Carrat, Fabrice and Ratmann, Oliver and Cazelles, Bernard}, 
title = {Explaining rapid reinfections in multiple-wave influenza outbreaks: {T}ristan da {C}unha 1971 epidemic as a case study}, 
year=2011,
volume=278,
xnumber=1725,
pages= {3635--3643},
XURL = {http://rspb.royalsocietypublishing.org/content/early/2011/04/22/rspb.2011.0300.abstract}, 
eprint = {http://rspb.royalsocietypublishing.org/content/early/2011/04/22/rspb.2011.0300.full.pdf+html}, 
journal = PRSB
}

@article{carpenter17,
title={Stan: A probabilistic programming language},
author={Carpenter, Bob and Gelman, Andrew and Hoffman, Matthew D and Lee, Daniel and Goodrich, Ben and Betancourt, Michael and Brubaker, Marcus and Guo, Jiqiang and Li, Peter and Riddell, Allen},
xjournal={Journal of Statistical Software},
journal = JSS,
volume={76},
number={1},
year={2017},
publisher={Columbia Univ., New York, NY (United States); Harvard Univ., Cambridge, MA (United States)}
}

 @Article{chopin04,     url = {http://www.jstor.org/stable/3448520},
     Title = {Central Limit Theorem for Sequential Monte Carlo Methods and Its Application to Bayesian Inference},
     Author = {Chopin, Nicolas},
     journal = AoS,
     volume = {32},
     xnumber = {6},
     pages = {2385--2411},
     year = {2004}
    }

@book{chopin20,
    author = {Chopin, Nicolas and Papaspiliopoulos, Omiros},
    title = {An Introduction to Sequential Monte Carlo},
    publisher = {Springer},
    year = {2020}
}

@incollection{corenflos21,
  title = 	 {Differentiable Particle Filtering via Entropy-Regularized Optimal Transport},
  author =       {Corenflos, Adrien and Thornton, James and Deligiannidis, George and Doucet, Arnaud},
  booktitle = 	 {Proceedings of the 38th International Conference on Machine Learning},
  pages = 	 {2100--2111},
  year = 	 {2021},
  editor = 	 {Meila, Marina and Zhang, Tong},
  volume = 	 {139},
  series = 	 {Proceedings of Machine Learning Research},
  month = 	 {18--24 Jul},
  publisher =    {PMLR},
  pdf = 	 {http://proceedings.mlr.press/v139/corenflos21a/corenflos21a.pdf},
  xurl = 	 {https://proceedings.mlr.press/v139/corenflos21a.html},
 }

@ARTICLE{crisan02,xdoi={10.1109/78.984773},
title={A survey of convergence results on particle filtering methods for practitioners},
author={Crisan, D. and Doucet, A.},
journal=TSP,
year={2002},
month={Mar},
volume={50},
xnumber={3},
pages={736-746},
ISSN={1053-587X}
}


DDDDDDDDDDDDD

@article{decelles18,
  title={The impact of past vaccination coverage and immunity on pertussis resurgence},
  author={de Cell{\`e}s, Matthieu Domenech and Magpantay, Felicia MG and King, Aaron A and Rohani, Pejman},
  journal={Science Translational Medicine},
  volume={10},
  number={434},
  pages={eaaj1748},
  year={2018},
  publisher={American Association for the Advancement of Science}
}

@article {decelles20,
	author = {Domenech de Cell{\`e}s, Matthieu and Casalegno, Jean-S{\'e}bastien and Lina, Bruno and Opatowski, Lulla},
	title = {Influenza may facilitate the spread of {SARS-CoV-2}},
	elocation-id = {2020.09.07.20189779},
	year = {2020},
	doi = {10.1101/2020.09.07.20189779},
	publisher = {Cold Spring Harbor Laboratory Press},
	URL = {https://www.medrxiv.org/content/early/2020/09/09/2020.09.07.20189779},
	eprint = {https://www.medrxiv.org/content/early/2020/09/09/2020.09.07.20189779.full.pdf},
	journal = {MedRxiv:2020.09.07.20189779}
}


@Inbook{delMoral03,
author="Del Moral, Pierre
and Doucet, Arnaud",
editor="Az{\'e}ma, Jacques
and {\'E}mery, Michel
and Ledoux, Michel
and Yor, Marc",
title="On a Class of Genealogical and Interacting Metropolis Models",
bookTitle="S{\'e}minaire de Probabilit{\'e}s XXXVII",
year="2003",
publisher="Springer Berlin Heidelberg",
address="Berlin, Heidelberg",
pages="415--446",
abstract="A genealogical tree based particle model for drawing approximate samples from the conditional path-distributions of a Markov chain with respect to its terminal values is presented. This path-particle evolution model can be interpreted as the historical process associated to a sequence of interacting Metropolis Markov chains. This novel class of interacting models can also be used to obtain approximate samples from a given target distribution which is only known up to a normalizing constant. We design an original Feynman--Kac modeling technique for studying the asymptotic analysis of these path-particle and Metropolis type simulation models. We provide precise convergence results as the time or the size of the systems tends to infinity. In contrast to the traditional Metropolis model we show that the decays to equilibrium do not depend on the nature of the desired limiting distribution.",
isbn="978-3-540-40004-2",
doi="10.1007/978-3-540-40004-2_19",
url="https://doi.org/10.1007/978-3-540-40004-2_19"
}

@book{delMoral04, 
Author = {Del Moral, P.}, 
Year = {2004}, 
Title = {{F}eynman-{K}ac Formulae: Genealogical and Interacting Particle Systems with Applications},
Publisher = {Springer},
Address = {New York}
}



@Article{diggle84,
  Author = {Diggle, P. J. and Gratton, R. J.},
  rmdCite={<a href="http://www.jstor.org/stable/2345504">@diggle84</a>},
  url={http://www.jstor.org/stable/2345504},
  Year = {1984}, 
  Title = {Monte {C}arlo Methods of Inference for Implicit Statistical Models},
  Journal = JRSSB,
  Volume = 46, 
  Pages = "193--227",
  URL={http://www.jstor.org/stable/2345504}
}

@article{dobson14,
  title={Mathematical models for emerging disease},
  author={Dobson, Andy},
  journal={Science},
  volume={346},
  number={6215},
  pages={1294--1295},
  year={2014},
  publisher={American Association for the Advancement of Science}
}

@article{donoho17,
  title={50 Years of Data Science},
  author={Donoho, David},
  journal={Journal of Computational and Graphical Statistics},
  volume={26},
  number={4},
  pages={745--766},
  year={2017},
  publisher={Taylor \& Francis}
}

@book(doucet01,
author = "Doucet, A. and de Freitas, N. and Gordon, N. J.",
year = 2001,
title = "Sequential \mbox{M}onte \mbox{C}arlo Methods in Practice",
address = "New York",
publisher = "Springer"
)

@Article{doucet13, 
author = "Doucet, A. and Jacob, P. E. and Rubenthaler, S.",
year = 2013, 
title = "Derivative-Free Estimation of the Score Vector and Observed Information Matrix with Application to State-Space Models.",
  journal={arXiv:1304.5768v3},
}

@Article{doucet15, text={Doucet, A, Pitt, MK, Deligiannidis, G, and Kohn, R (2015). Efficient implementation of Markov chain Monte Carlo when using an unbiased likelihood estimator. Biometrika 102:295-313.},
  doi={10.1093/biomet/asu075},
   Title={Efficient implementation of {M}arkov chain {M}onte {C}arlo when using an unbiased likelihood estimator},
  Author={Doucet, Arnaud and Pitt, M. K. and Deligiannidis, George and Kohn, Robert},
  Journal={Biometrika},
  Volume={102},
  Pages={295-313},
  Year={2015},
  Publisher={Biometrika Trust}
}

EEEEEEEEEEE

@ARTICLE{evensen09,xdoi={10.1109/MCS.2009.932223},
author={Evensen, G.},
journal={IEEE Transactions on Control Systems},
title={The ensemble {Kalman} filter for combined state and parameter estimation},
year={2009},
volume={29},
xnumber={3},
pages={83--104},
ISSN={1066-033X},}

@book{evensen09book,
  title={Data assimilation: The ensemble {K}alman filter},
  author={Evensen, Geir},
  year={2009},
  publisher={Springer Science \& Business Media}
}

FFFFFFFFFFFFFF

@Article{fasiolo16,
Author = {Fasiolo, Matteo and Pya, Natalya and Wood, Simon N.},
Doi = {10.1214/15-STS534},
Fjournal = {Statistical Science},
Journal = StatSci,
Month = {02},
Number = {1},
Pages = {96--118},
Publisher = {The Institute of Mathematical Statistics},
Title = {A Comparison of Inferential Methods for Highly Nonlinear State Space Models in Ecology and Epidemiology},
Volume = {31},
Year = {2016}
}


@article{fitzjohn20,
  title={Reproducible parallel inference and simulation of stochastic state space models using odin, dust, and mcstate},
  author={FitzJohn, Richard G and Knock, Edward S and Whittles, Lilith K and Perez-Guzman, Pablo N and Bhatia, Sangeeta and Guntoro, Fernando and Watson, Oliver J and Whittaker, Charles and Ferguson, Neil M and Cori, Anne and Baguelin, Marc and Lees, John A},
  journal={Wellcome Open Research},
  volume={5},
  year={2020},
  doi={10.12688/wellcomeopenres.16466.2},
  publisher={The Wellcome Trust}
}

GGGGGGGGGG

@article{gneiting07,
  title={Strictly Proper Scoring Rules, Prediction, and Estimation},
  author={Gneiting, Tilmann and Raftery, Adrian E},
  journal=JASA,
  volume={102},
  number={477},
  pages={359--378},
  year={2007},
  publisher={Taylor \& Francis}
}

@article{gordon93, 
author = "Gordon, N.J. and Salmond, D. J. and Smith, A. F. M.",
year = 1993, 
title = "Novel approach to nonlinear/non-\mbox{G}aussian \mbox{B}ayesian state estimation",
journal = "IEE Proceedings--F",
volume = 140, 
number = 2,
pages = "107--113"
}

@book{griewank08,
  title={Evaluating derivatives: principles and techniques of algorithmic differentiation},
  author={Griewank, Andreas and Walther, Andrea},
  year={2008},
  publisher={SIAM}
}

HHHHHHHHH


@article(he10, xdoi="10.1098/rsif.2009.0151",text={He, D., Ionides, E. L. and King, A. A. (2010). Plug-and-play inference for disease dynamics: Measles in large and small towns as a case study. J. Roy. Soc. Interface 7:271-283},
author = "He, D. and Ionides, E. L. and King, A. A.",
year = 2010, 
title = "Plug-and-play inference for disease dynamics:
  Measles in large and small towns as a case study",
journal = JRSI,
xjournal = "Journal of the Royal Society Interface",
volume = "7",
pages = "271--283 "
)

@Article{he13,
  author    = {He, Daihai and Dushoff, Jonathan and Eftimie, Raluca and Earn, David J. D.},
  title     = {Patterns of spread of influenza {A} in {Canada}},
  xjournal   = {Proceedings of the Royal Society of London, Series B},
  journal=PRSLB,
  year      = {2013},
  volume    = {280},
  number    = {1770},
  pages     = {20131174},
  month     = nov,
  doi       = {10.1098/rspb.2013.1174},
  pmid      = {24026815}
}

@article{houtekamer98,
  title={Data assimilation using an ensemble {K}alman filter technique},
  author={Houtekamer, Peter L and Mitchell, Herschel L},
  xjournal={Monthly Weather Review},
  journal=MWR,
  volume={126},
  number={3},
  pages={796--811},
  year={1998}
}

IIIIIIIIII

@article(ionides06-pnas,xdoi="10.1073/pnas.0603181103",
author = "Ionides, E. L. and Bret\'{o}, C. and King, A. A.",
year = 2006,
title = "Inference for nonlinear dynamical systems",
journal = PNAS,
xjournal = "Proceedings of the National Academy of Sciences of the USA",
volume = "103",
pages = "18438--18443"
)

@article {ionides08,	doi = "10.1198/106186008X320456",
	author = "Ionides, Edward L.",
	title = "Truncated Importance Sampling",
	journal = JCGS,
	volume = "17",
	year = "June 2008",
	pages = "295--311",
	url = "http://www.ingentaconnect.com/content/asa/jcgs/2008/00000017/00000002/art00003"
}

@article{ionides11,xdoi="10.1214/11-AOS886",
  author = {Ionides, Edward L. and Bhadra, Anindya and Atchad\'{e}, Y.  and  King, Aaron A.},
  title = {Iterated Filtering},
  year = 2011,
  journal = AOS,
  volume = 39,
  pages = "1776--1802"
}

@Article{ionides15,text={Ionides, EL, D Nguyen, Y Atchade, S Stoev and AA King. (2015). Inference for dynamic and latent variable models via iterated, perturbed Bayes maps. PNAS 112:719-724.},
Author = {Ionides, Edward L. and Nguyen, Dao and Atchad\'{e}, Yves and Stoev, Stilian and King, Aaron A.}, 
Title = {Inference for dynamic and latent variable models via iterated, perturbed {B}ayes maps},
Year = {2015}, 
doi = {10.1073/pnas.1410597112}, 
xURL = {http://www.pnas.org/content/early/2015/01/07/1410597112.abstract}, 
eprint = {http://www.pnas.org/content/early/2015/01/07/1410597112.full.pdf+html}, 
Journal = PNAS,
xJournal = {Proceedings of the National Academy of Sciences of USA},
Volume = 112,
Number =  3,
Pages = "719–-724"
}

@article{ionides17,
  title={Monte {C}arlo profile confidence intervals for dynamic systems},
  author={Ionides, Edward L and Breto, Carles and Park, Joonha and Smith, Richard A and King, Aaron A},
  xjournal={Journal of the Royal Society Interface},
  journal=JRSI,
  volume={14},
  pages={1--10},
  year={2017}
}

@Article{ionides17-tas,
  Author = {Ionides, E. L. and Giessing, A. and Ritov, Y. and Page, S. E.},
  Title = {Response to the {ASA}'s statement on p-values: Context, process, and purpose},
  Journal = {The American Statistician},
  Volume = {71},
  xNumber = {1},
  Pages = {88-89},
  Year = {2017},
  Doi = {10.1080/00031305.2016.1234977},
}

@article{ionides21,
  author = {Edward L. Ionides and Kidus Asfaw and Joonha Park and Aaron A. King},
  title = {Bagged filters for partially observed interacting systems},
  journal = {Journal of the American Statistical Association},
  volume = {pre-published online},
  xnumber = {ja},
  xpages = {1-33},
  year  = {2021},
  publisher = {Taylor & Francis},
  doi = {10.1080/01621459.2021.1974867},
  URL = {https://doi.org/10.1080/01621459.2021.1974867},   
  eprint = {https://doi.org/10.1080/01621459.2021.1974867}  
}

@article{ionides22,
  xdoi = {10.48550/ARXIV.2206.03837},
  xurl = {https://arxiv.org/abs/2206.03837},
  author = {Ionides, Edward L. and Ning, Ning and Wheeler, Jesse},
  title = {An Iterated Block Particle Filter for Inference on Coupled Dynamic Systems with Shared and Unit-Specific Parameters},
  journal = {Statistica Sinica,},
  pages={pre-published online},
  year = {2022},
}

JJJJJJJJJ

@misc{jax,
  author={Bradbury, James and Frostig, Roy and Hawkins, Peter and Johnson, Matthew James and Leary, Chris and Maclaurin, Dougal and Necula, George and Paszke, Adam and VanderPlas, Jake and Wanderman-Milne, Skye and Zhang, Qiao},
  title = {{JAX}: composable transformations of {P}ython+{N}um{P}y programs},
  url = {http://github.com/google/jax},
  version = {0.3.13},
  year = {2018},
}


KKKKKKKKK

@misc{kakade2019provably,
      title={Provably Correct Automatic Subdifferentiation for Qualified Programs}, 
      author={Sham Kakade and Jason D. Lee},
      year={2019},
      eprint={1809.08530},
      archivePrefix={arXiv},
      primaryClass={math.OC}
}

@Article(kantas15,
Author = {Kantas, Nikolas and Doucet, Arnaud and Singh, Sumeetpal S. and Maciejowski, Jan M.},
Year = {2015}, 
Title = {On Particle Methods for Parameter Estimation in State-Space Models},
Journal = {Statistical Science},
Volume={30},
Number={3},
Pages={328--351},
Xurl={arxiv:http://arxiv.org/abs/1412.8695}
)

@misc{karjalainen2023,
      title={On the Forgetting of Particle Filters}, 
      author={Joona Karjalainen and Anthony Lee and Sumeetpal S. Singh and Matti Vihola},
      year={2023},
      eprint={2309.08517},
      archivePrefix={arXiv},
      primaryClass={math.PR}
}

@article{katzfuss19,
  title={Ensemble {K}alman methods for high-dimensional hierarchical dynamic space-time models},
  author={Katzfuss, Matthias and Stroud, Jonathan R and Wikle, Christopher K},
  xjournal={Journal of the American Statistical Association},
  journal=JASA,
  volume={115},
  number={530},
  pages={866--885},
  year={2020},
   publisher={Taylor \& Francis}
}

@misc{kausik23,
      title={Learning Mixtures of Markov Chains and MDPs}, 
      author={Chinmaya Kausik and Kevin Tan and Ambuj Tewari},
      year={2023},
      eprint={2211.09403},
      archivePrefix={arXiv},
      primaryClass={stat.ML}
}

@article{king08, xdoi={10.1038/nature07084},
author = "A. A. King and E. L. Ionides and M. Pascual and M. J. Bouma",
year = 2008,
title = "Inapparent infections and cholera dynamics",
journal = "Nature",
volume = "454",
pages = "877--880"
}

@Article{king15,
  author    = {King, Aaron A. and Domenech de Cell{\`e}s, Matthieu and Magpantay, Felicia M. G. and Rohani, Pejman},
  title     = {Avoidable errors in the modelling of outbreaks of emerging pathogens, with special reference to {Ebola}},
  xjournal   = {Proceedings of the Royal Society of London, Series B},
  journal=PRSLB,
  year      = {2015},
  volume    = {282},
  number    = {1806},
  pages     = {20150347},
  doi       = {10.1098/rspb.2015.0347}
}


@Article{king16, doi={}, text={King, A. A., Nguyen, D. and  Ionides, E. L. (2016). Statistical Inference for Partially Observed Markov Processes via the R Package pomp. Journal of Statistical Software 69:1-43.},
Author = {King, A. A. and Nguyen, D. and  Ionides, E. L.},
Year = {2016}, 
Title = {Statistical Inference for Partially Observed {M}arkov Processes via the {R} Package pomp},
Journal ={Journal of Statistical Software},
Volume = {69}, 
Pages = {1--43}
}

@article{kirschner17,
  title={A review of computational model contributions to our understanding of {M}ycobacteriumtuberculosis within-host infection and treatment},
  author={Kirschner, Denise and Pienaar, Elsje and Marino, Simeone and Linderman, Jennifer J},
  journal={Current Opinion in Systems Biology},
  year={2017},
  publisher={Elsevier}
}

LLLLLLL

@article(laneri10, xdoi={10.1371/journal.pcbi.1000898}, text={Laneri, K, A Bhadra, EL Ionides, M Bouma, R Yadav, R Dhiman and M Pascual (2010). Forcing versus feedback: Epidemic malaria and monsoon rains in NW India. PLoS Computational Biology 6:e1000898. http://dx.doi.org//10.1371/journal.pcbi.1000898},
author = "Karina Laneri  and Anindya Bhadra and Edward L. Ionides and Menno Bouma and R. Yadav and R. Dhiman and  Mercedes Pascual",
year=2010,
title = "Forcing versus feedback: Epidemic malaria and monsoon rains in {NW} {I}ndia",
journal =PLoS-CompBio,
volume = "6",
pages = "e1000898"
)

@article{lee20,
  title={Achieving Coordinated National Immunity and Cholera Elimination in {H}aiti Through Vaccination: A Modelling Study},
  author={Lee, Elizabeth C and Chao, Dennis L and Lemaitre, Joseph C and Matrajt, Laura and Pasetto, Damiano and Perez-Saez, Javier and Finger, Flavio and Rinaldo, Andrea and Sugimoto, Jonathan D and Halloran, M Elizabeth and  Longini, Ira M and Ternier, Ralph and Vissieres,  Kenia and Azman,  Andrew S and Lessler, Justin  and  Ivers, Louise C},
  journal={The Lancet Global Health},
  volume={8},
  number={8},
  pages={e1081--e1089},
  year={2020},
  publisher={Elsevier}
}

@article {lele07,doi = {10.1111/j.1461-0248.2007.01047.x},
author = {Lele, Subhash R. and Dennis, Brian and Lutscher, Frithjof},
title = {Data cloning: Easy maximum likelihood estimation for complex ecological models using {B}ayesian {M}arkov chain {M}onte {C}arlo methods},
journal = {Ecology Letters},
volume = {10},
xnumber = {7},
publisher = {Blackwell Publishing Ltd},
issn = {1461-0248},
url = {http://dx.doi.org/10.1111/j.1461-0248.2007.01047.x},
pages = {551--563},
year = {2007},
}

@article{lemaitre20,
  title={Assessing the impact of non-pharmaceutical interventions on {SARS}-{CoV}-2 transmission in {S}witzerland},
  author={Lemaitre, Joseph Chadi and Perez-Saez, Javier and Azman, Andrew and Rinaldo, Andrea and Fellay, Jacques},
  journal={Swiss Medical Weekly},
  year={2020},
  volume={150},
  pages={w20295}
}

@article{li20,
  title={Substantial undocumented infection facilitates the rapid dissemination of novel coronavirus ({SARS}-{CoV}-2)},
  author={Li, Ruiyun and Pei, Sen and Chen, Bin and Song, Yimeng and Zhang, Tao and Yang, Wan and Shaman, Jeffrey},
  journal={Science},
  volume={368},
  number={6490},
  pages={489--493},
  year={2020},
  publisher={American Association for the Advancement of Science}
}

@book(liu01, 
author = "Liu, J. S.", 
year = 2001, 
title = "Monte \mbox{C}arlo Strategies in Scientific Computing",
publisher = "Springer", 
address = "New York" 
)





@article{liu1998smc,
author = {Jun S. Liu and Rong Chen},
title = {Sequential Monte Carlo Methods for Dynamic Systems},
journal = {Journal of the American Statistical Association},
volume = {93},
number = {443},
pages = {1032-1044},
year = {1998},
publisher = {Taylor & Francis},
doi = {10.1080/01621459.1998.10473765},


URL = { 
    
        https://doi.org/10.1080/01621459.1998.10473765
    
    

},
eprint = { 
    
        https://doi.org/10.1080/01621459.1998.10473765
    
    

}

}

@incollection{janeliu01, 
author = {Liu, J and West, M.},
year = {2001}, 
title = {Combining Parameter and State Estimation in Simulation-Based Filtering},
booktitle = {Sequential \mbox{M}onte \mbox{C}arlo Methods in Practice},
editor = {Doucet, A. and de Freitas, N. and Gordon, N. J.},
pages = {197--224}, 
publisher = {Springer}, 
address = {New York}
}

@article{lorenz96,
	title = {Predictability: A problem partly solved},
	journal = {Proceedings of the Seminar on Predictability},
	volume = {1},
	year = {1996},
	pages = {1-18},
	publisher = {ECMWF},
	organization = {ECMWF},
	address = {Shinfield Park, Reading},
	author = {Lorenz, E. N.}
}

MMMMMMM

@misc{mahoney16,
      title={Sub-Sampled Newton Methods I: Globally Convergent Algorithms}, 
      author={Farbod Roosta-Khorasani and Michael W. Mahoney},
      year={2016},
      eprint={1601.04737},
      archivePrefix={arXiv},
      primaryClass={math.OC}
}

@Article{magpantay16,
  author    = {Magpantay, F. M. G. and Domenech de Cell{\`e}s, M. and Rohani, P. and King, A. A.},
  title     = {Pertussis immunity and epidemiology: mode and duration of vaccine-induced immunity},
  journal   = {Parasitology},
  year      = {2016},
  volume    = {143},
  pages     = {835--849},
  doi       = {10.1017/S0031182015000979}
}

@article{malik11,
  title={Particle filters for continuous likelihood evaluation and maximisation},
  author={Malik, Sheheryar and Pitt, Michael K},
  journal={Journal of Econometrics},
  volume={165},
  number={2},
  pages={190--209},
  year={2011},
  publisher={Elsevier}
}

@article{manoli15,
  title={An iterative particle filter approach for coupled hydro-geophysical inversion of a controlled infiltration experiment},
  author={Manoli, Gabriele and Rossi, Matteo and Pasetto, Damiano and Deiana, Rita and Ferraris, Stefano and Cassiani, Giorgio and Putti, Mario},
  journal={Journal of Computational Physics},
  volume={283},
  pages={37--51},
  year={2015},
  publisher={Elsevier}
}

@article{marino18,
  title={Evaluating consumptive and nonconsumptive predator effects on prey density using field times series data},
  author={Marino, J. A. and Peacor, S. D.  and Bunnell, D. B.  and Vanderploeg, H. A. and Pothoven, S. A. and Elgin, A. K. and Bence, J. R. and Jiao, J. and Ionides, E. L.},
  journal={Ecology},
  volume={100},
  number={3},
  pages={e02583},
  year={2019},
  publisher={Wiley Online Library}
}

@Article{marjoram03,
  Doi = {10.1073/pnas.0306899100}, 
  rmdCite={<a href="http://dx.doi.org/10.1073/pnas.0306899100">@marjoram03</a>},
  Author = {Marjoram, Paul and Molitor, John and Plagnol, Vincent and Tavar\'{e}, Simon}, 
  Title = {Markov chain {M}onte {C}arlo without likelihoods}, 
  Volume = {100}, 
  Xnumber = {26}, 
  Pages = {15324-15328}, 
  Year = {2003}, 
  Journal = PNAS,
}

@Article{martinez15,
  author      = {Martinez-Bakker, Micaela and King, Aaron A. and Rohani, Pejman},
  title       = {Unraveling the transmission ecology of polio},
  xjournal     = {PLoS Biology},
  journal=PLoS-Bio,
  year        = {2015},
  volume      = {13},
  number      = {6},
  pages       = {e1002172},
  month       = jun,
  doi         = {10.1371/journal.pbio.1002172},
  pmid        = {26090784}
}

@article{metropolis53,
  title={Equation of state calculations by fast computing machines},
  author={Metropolis, Nicholas and Rosenbluth, Arianna W and Rosenbluth, Marshall N and Teller, Augusta H and Teller, Edward},
  xjournal={The Journal of Chemical Physics},
  journal=JCP,
  volume={21},
  xnumber={6},
  pages={1087--1092},
  year={1953},
  publisher={AIP Publishing}
}

NNNNNNN

@article{ng02,
  title={Factored particles for scalable monitoring},
  author={Ng, Brenda and Peshkin, Leonid and Pfeffer, Avi},
  xjournal={Proc. 18th Conf. Uncertainty Artif. Intell.},
  journal={Proceedings of the 18th Conference on Uncertainty and Artificial Intelligence},
  year={2002},
  pages={370-377}
}

@article{ning21,
title = {Scalable {M}onte {C}arlo inference and rescaled local asymptotic normality},
author = {Ning, N. and Ionides, E. L. and Ritov, Y.},
year = {2021},
journal = {Bernoulli},
volume = {27},
pages={2532--2555}
}

@article{ning23,
  title={Iterated block particle filter for high-dimensional parameter learning: Beating the curse of dimensionality},
  author={Ning, Ning and Ionides, Edward L},
  xjournal={J. Mach. Learn. Res.},
  journal={Journal of Machine Learning Research},
  volume={24},
  pages={1--76},
  year={2023}
}
OOOOOOOO

PPPPPPPPP

@Article{park20,
   Author = {Park, J. and Ionides, E. L.},
    Title = {Inference on high-dimensional implicit dynamic models using a guided intermediate resampling filter},
  Journal = SC,
    pages = {1497--1522},
   volume = {30},
     year = 2020
}

@misc{pomp2,
  title = {pomp: Statistical inference for partially observed Markov processes},
howpublished={R package, available at {\small \texttt{http://cran.r-project.org/web/packages/pomp}}},
  author = {Aaron A. King and Edward L. Ionides and Carles Martinez Bret\'o and	Steve Ellner and Bruce Kendall},
  year = {2009},
  xurl = {http://pomp.r-forge.r-rproject.org}
}

@article{pomp,
  title = {pomp: Statistical inference for partially observed Markov processes},
 journal={R package, available at {\small \texttt{http://cran.r-project.org/web/packages/pomp}}},
  author = {Aaron A. King and Edward L. Ionides and Carles Martinez Bret\'o and	Steve Ellner and Bruce Kendall},
  year = {2009},
  xurl = {http://pomp.r-forge.r-rproject.org}
}

@article{pons-salort18,
  title={Serotype-specific immunity explains the incidence of diseases caused by human enteroviruses},
  author={Pons-Salort, Margarita and Grassly, Nicholas C},
  journal={Science},
  volume={361},
  number={6404},
  pages={800--803},
  year={2018},
  publisher={American Association for the Advancement of Science}
}

@article{poterjoy16,
  title={A localized particle filter for high-dimensional nonlinear systems},
  author={Poterjoy, Jonathan},
  xjournal={Monthly Weather Review},
  journal=MWR,
  volume={144},
  number={1},
  pages={59--76},
  year={2016}
}

@article{poterjoy19,
  title={Progress toward the application of a localized particle filter for numerical weather prediction},
  author={Poterjoy, Jonathan and Wicker, Louis and Buehner, Mark},
  journal={Monthly Weather Review},
  volume={147},
  number={4},
  pages={1107--1126},
  year={2019},
  publisher={American Meteorological Society}
}

@article{poyiadjis11,
  title={Particle approximations of the score and observed information matrix in state space models with application to parameter estimation},
  author={Poyiadjis, George and Doucet, Arnaud and Singh, Sumeetpal S},
  journal={Biometrika},
  volume={98},
  number={1},
  pages={65--80},
  year={2011},
  publisher={Biometrika Trust}
}

QQQQQQQQQQ

RRRRRRRRRR

@article{rimella22,
  title={Exploiting locality in high-dimensional Factorial hidden {M}arkov models},
  author={Rimella, Lorenzo and Whiteley, Nick},
  journal={Journal of Machine Learning Research},
  volume={23},
  number={4},
  pages={1--34},
  year={2022}
}

@article{rio13,
author = {Rio, Emmanuel},
year = {2013},
month = {09},
pages = {},
title = {Inequalities and limit theorems for weakly dependent sequences}
}

@Article{romero-severson15,doi={10.1093/aje/kwv044}, text={Romero-Severson, EO, Volz, E, Koopman, JS, Leitner, T and Ionides, EL (2015). Dynamic Variation in Sexual Contact Rates in a Cohort of HIV-Negative Gay Men. American Journal of Epidemiology 182:255-262.}, 
  Title={Dynamic Variation in Sexual Contact Rates in a Cohort of {HIV}-Negative Gay Men},
  Author={Romero-Severson, EO and Volz, E and Koopman, JS and Leitner, T and Ionides, EL},
  xJournal={American Journal of Epidemiology},
  Journal=AJE,
  Pages={255-262},
  Volume={182},
  Year={2015},
  Publisher=OUP
}

@inproceedings{rosato22b,
  title={Inference of Stochastic Disease Transmission Models Using Particle-MCMC and a Gradient Based Proposal},
  author={Rosato, Conor and Harris, John and Panovska-Griffiths, Jasmina and Maskell, Simon},
  booktitle={25th International Conference on Information Fusion (FUSION 2022)},
  pages={1--8},
  year={2022},
  organization={IEEE}
}




@article{rosato22,
  title={Efficient learning of the parameters of non-linear models using differentiable resampling in particle filters},
  author={Rosato, Conor and Devlin, Lee and Beraud, Vincent and Horridge, Paul and Sch{\"o}n, Thomas B and Maskell, Simon},
  journal={IEEE Transactions on Signal Processing},
  volume={70},
  pages={3676--3692},
  year={2022},
  publisher={IEEE}
}

@article(roy13, xdoi={10.1371/journal.pntd.0001979},
author = "Roy, M. and Bouma, M. J. and Ionides, E. L. and Dhiman, R. C. and Pascual, M.",
year = 2013, 
title = "The potential elimination of {P}lasmodium vivax malaria by relapse treatment: Insights from a transmission model and surveillance data from {NW} {I}ndia",
journal = PLoS-NTD,
volume = 7, 
pages = "e1979"
)

@Article{roy15,
author="Roy, Manojit
and Bouma, Menno
and Dhiman, Ramesh C.
and Pascual, Mercedes",
title="Predictability of epidemic malaria under non-stationary conditions with process-based models combining epidemiological updates and climate variability",
journal="Malaria Journal",
year="2015",
month="Oct",
day="26",
volume="14",
number="1",
pages="419",
issn="1475-2875",
doi="10.1186/s12936-015-0937-3",
url="https://doi.org/10.1186/s12936-015-0937-3"
}

SSSSSSSSSSS

@article{scibior21,
  title={Differentiable particle filtering without modifying the forward pass},
  author={{\'S}cibior, Adam and Wood, Frank},
  journal={arXiv:2106.10314},
  year={2021}
}

@article{shrestha11,    xdoi = {10.1371/journal.pcbi.1002135}, text={Shrestha, S., A. A. King and P. Rohani (2011). "Statistical Inference for Multi-Pathogen Systems". PLoS Comput Biol 7:e1002135. http://dx.doi.org/10.1371/journal.pcbi.1002135},
    author = {Shrestha, Sourya AND King, Aaron A. AND Rohani, Pejman},
    xjournal = {PLoS Comput Biol},
    journal = PLoS-CompBio,
    publisher = {Public Library of Science},
    title = {Statistical Inference for Multi-Pathogen Systems},
    year = {2011},
    month = {08},
    volume = {7},
    xurl = {http://dx.doi.org/10.1371%2Fjournal.pcbi.1002135},
    pages = {e1002135},
    xnumber = {8},
}        

@article{shrestha13,xdoi = {10.1126/scitranslmed.3005982}, 
author = {Shrestha, Sourya and Foxman, Betsy and Weinberger, Daniel M. and Steiner, Claudia and Viboud, C\'{e}cile and Rohani, Pejman}, 
title = {Identifying the Interaction Between Influenza and Pneumococcal Pneumonia Using Incidence Data},
volume = {5}, 
xnumber = {191}, 
pages = {191ra84}, 
year = {2013}, 
XURL = {http://stm.sciencemag.org/content/5/191/191ra84.abstract}, 
eprint = {http://stm.sciencemag.org/content/5/191/191ra84.full.pdf}, 
xjournal = {Science Translational Medicine},
yjournal = {Science Transl. Med.},
journal=STM
}

@misc{singh22,
      title={Particle-Based Score Estimation for State Space Model Learning in Autonomous Driving}, 
      author={Angad Singh and Omar Makhlouf and Maximilian Igl and Joao Messias and Arnaud Doucet and Shimon Whiteson},
      year={2022},
      eprint={2212.06968},
      archivePrefix={arXiv},
      primaryClass={cs.RO}
}


@Article{smith17, Doi={10.1093/molbev/msx124}, text={Smith, R. A., Ionides, E. L. and King, A. A. (2017). Infectious Disease Dynamics Inferred from Genetic Data via Sequential Monte Carlo. {\em Molecular Biology and Evolution} 34:2065--2084.},
  rmdCite={<a href="http://dx.doi.org/10.1093/molbev/msx124">@smith17</a>},
  Author = {Smith, R. A. and Ionides, E. L. and King, A. A.},
  Year = {2017}, 
  Title = {Infectious Disease Dynamics Inferred from Genetic Data via Sequential {M}onte {C}arlo},
  Journal = MBE,
  xJournal = {Molecular Biology and Evolution},
  Volume = {34},
  Pages ={2065–-2084},
  xNumber = {8},
  xdoi={10.1093/molbev/msx124}
}

@article{snyder15,
  title={Performance bounds for particle filters using the optimal proposal},
  author={Snyder, Chris and Bengtsson, Thomas and Morzfeld, Mathias},
  journal={Monthly Weather Review},
  volume={143},
  number={11},
  pages={4750--4761},
  year={2015}
}

@article{subramanian21,
  title={Quantifying asymptomatic infection and transmission of {COVID}-19 in {N}ew {Y}ork {C}ity using observed cases, serology, and testing capacity},
  author={Subramanian, Rahul and He, Qixin and Pascual, Mercedes},
  xjournal={Proceedings of the National Academy of Sciences},
  journal=PNAS,
  volume={118},
  number={9},
  year={2021},
  publisher={National Acad Sciences}
}

TTTTTTTTTT

@article(toni09, xdoi="10.1098/rsif.2008.0172", text={Toni et al (2009). Approximate Bayesian computation scheme for parameter inference and model selection in dynamical systems. J. Roy. Soc. Interface 6:187-202.},
author = "Tina Toni and David Welch and Natalja Strelkowa and Andreas Ipsen and Michael P.H. Stumpf",
year = 2009, 
title = "Approximate {B}ayesian computation scheme for parameter inference and model selection in dynamical systems",
journal = JRSI,
volume = "6", 
pages = " 187-202"
)

UUUUUUUUU

VVVVVVV

WWWWWWWWW

@Article{wheeler23,
  year={2023},
  journal={arXiv:2301.08979},
  title={Informing Policy via Dynamic Models: Cholera in {H}aiti},
  author={Wheeler, Jesse and Rosengart, AnnaElaine and Zhuxun, Jiang and Tan, Kevin Hao En and Treutle, Noah and Ionides, Edward L.},
}

@article{whitehouse23,
  title={Consistent and fast inference in compartmental models of epidemics using {P}oisson {A}pproximate {L}ikelihoods},
  author={Whitehouse, Michael and Whiteley, Nick and Rimella, Lorenzo},
  xjournal={Journal of the Royal Statistical Society Series B: Statistical Methodology},
  journal=JRSSB,
  volume={85},
  number={4},
  pages={1173--1203},
  year={2023},
  publisher={Oxford University Press US}
}

@ARTICLE{whiteley13,
   author = {Whiteley, N.},
    title = "{Stability properties of some particle filters}",
  journal=AOAP,
  volume={23},
  xnumber={6},
  pages={2500--2537},
  year={2013},
}

@book(wilkinson12, 
author = "Wilkinson, D. J.", 
year = 2012, 
title = "Stochastic Modelling for Systems Biology",
publisher = "Chapman \& Hall",
address = "Boca Raton, FL"
)

@Article{wood10,       XDOI={10.1038/nature09319}, xurl={http://dx.doi.org/10.1038/nature09319}, title={Statistical inference for noisy nonlinear ecological dynamic systems}, text={Wood (2010). Statistical inference for noisy nonlinear ecological dynamic systems. Nature 466:1102-1104.},
        Author={Wood, Simon N.},
       journal={Nature},
        Pages={1102--1104},
        Year={2010},
         Volume={466},
        xNumber={7310},
        XURL={http://dx.doi.org/10.1038/nature09319},
}

@article{wood16,
author = {Matteo Fasiolo and Natalya Pya and Simon N. Wood},
title = {{A Comparison of Inferential Methods for Highly Nonlinear State Space Models in Ecology and Epidemiology}},
volume = {31},
journal = {Statistical Science},
number = {1},
publisher = {Institute of Mathematical Statistics},
pages = {96 -- 118},
keywords = {Approximate Bayesian Computation, nonlinear dynamics, Particle filters, state space models, statistical ecology},
year = {2016},
doi = {10.1214/15-STS534},
URL = {https://doi.org/10.1214/15-STS534}
}


XXXXXXXX

@Article{xia04,  doi = {10.1086/422341}, author = {Xia, Yingcun  and Bj{\o}rnstad,  Ottar N.  and  Grenfell, Bryan T.},
  title = {Measles metapopulation dynamics: A gravity model for epidemiological coupling and dynamics},
  journal = AmNat,
  year = {2004},
  volume = {164},
  pages = {267--281},
  number = {2}
}


YYYYYY

@article{you20,
  title={Estimation of the time-varying reproduction number of {COVID-19} outbreak in China},
  author={You, Chong and Deng, Yuhao and Hu, Wenjie and Sun, Jiarui and Lin, Qiushi and Zhou, Feng and Pang, Cheng Heng and Zhang, Yuan and Chen, Zhengchao and Zhou, Xiao-Hua},
  journal={International Journal of Hygiene and Environmental Health},
  volume={228},
  pages={113555},
  year={2020},
  publisher={Elsevier}
}

@article{yu94,
author = {Bin Yu},
title = {{Rates of Convergence for Empirical Processes of Stationary Mixing Sequences}},
volume = {22},
journal = {The Annals of Probability},
number = {1},
publisher = {Institute of Mathematical Statistics},
pages = {94 -- 116},
keywords = {$\beta$-mixing, blocking, empirical process, random metric entropy, rate of convergence, V-C class},
year = {1994},
doi = {10.1214/aop/1176988849},
URL = {https://doi.org/10.1214/aop/1176988849}
}


ZZZZZZZZ

